

@misc{snapnets,
author = {Jure Leskovec and Andrej Krevl},
title = {{SNAP Datasets}: {Stanford} Large Network Dataset Collection},
howpublished = {\url{http://snap.stanford.edu/data}},
month = jun,
year = 2014
}

@book{MR1421568,
isbn = {9780262032933},
title = {Introduction to algorithms},
author = {Thomas H. Cormen and Charles E. Leiserson and Ronald L. Rivest and Clifford Stein},
publisher = {The MIT Press},
year = {2001},
series = {},
edition = {2}
}